% % % % % % % % % % % % % % % % % % % % % % % % % % % % % % % %
% Histograms of Oriented Gradients for Human Detection
% 2005 / França
@inproceedings{dalal2005histograms,
  title={Histograms of oriented gradients for human detection},
  author={Dalal, Navneet and Triggs, Bill},
  booktitle={Computer Vision and Pattern Recognition, 2005. CVPR 2005. IEEE Computer Society Conference on},
  volume={1},
  pages={886--893},
  year={2005},
  organization={IEEE}
}

% % % % % % % % % % % % % % % % % % % % % % % % % % % % % % % %
% Distinctive Image Features from Scale-Invariant Keypoints
% 2004
% Descrição do SIFT.
@article{lowe2004distinctive,
  title={Distinctive image features from scale-invariant keypoints},
  author={Lowe, David G},
  journal={International journal of computer vision},
  volume={60},
  number={2},
  pages={91--110},
  year={2004},
  publisher={Springer}
}

% % % % % % % % % % % % % % % % % % % % % % % % % % % % % % % %
% Gesture Components for Natural Interaction with In-Car devices
% 2004 / Alemanha
@incollection{zobl2004gesture,
  title={Gesture components for natural interaction with in-car devices},
  author={Zobl, Martin and Nieschulz, Ralf and Geiger, Michael and Lang, Manfred and Rigoll, Gerhard},
  booktitle={Gesture-Based Communication in Human-Computer Interaction},
  pages={448--459},
  year={2004},
  publisher={Springer}
}

% % % % % % % % % % % % % % % % % % % % % % % % % % % % % % % %
% Gesture control for use in automobiles
% 2000 / Alemanha
@inproceedings{akyol2000gesture,
  title={Gesture Control for Use in Automobiles.},
  author={Akyol, Suat and Canzler, Ulrich and Bengler, Klaus and Hahn, Wolfgang},
  booktitle={MVA},
  pages={349--352},
  year={2000}
}

% % % % % % % % % % % % % % % % % % % % % % % % % % % % % % % %
% Orientation histograms for hand gesture recognition
% 1995 / Japão / Mitsubishi
@inproceedings{freeman1995orientation,
  title={Orientation histograms for hand gesture recognition},
  author={Freeman, William T and Roth, Michal},
  booktitle={International Workshop on Automatic Face and Gesture Recognition},
  volume={12},
  pages={296--301},
  year={1995}
}

% % % % % % % % % % % % % % % % % % % % % % % % % % % % % % % %
% Computer vision for computer games
% 1996 / Japão / Mitsubishi
@inproceedings{freeman1996computer,
  title={Computer vision for computer games},
  author={Freeman, William T and Tanaka, Ken-ichi and Ohta, Jun and Kyuma, Kazuo},
  booktitle={Automatic Face and Gesture Recognition, 1996., Proceedings of the Second International Conference on},
  pages={100--105},
  year={1996},
  organization={IEEE}
}

% % % % % % % % % % % % % % % % % % % % % % % % % % % % % % % %
% Real-time Vision-based Infotainment User Determination for Driver Assistance
% 2008 / Estados Unidos
% Artigo com câmera infra no carro e uso de HOG e SVM.
% Criou sua própria base de dados (4 horas diferentes do dia com 8 individuos).
% Possue um descrição do SVM que pode ser usada no futuro.
% [8] Descritor de mão usando Haar-wavelet.
% [9] Detecção de mão usando imagens térmicas.
% [10] Referência ao SIFT. 
@inproceedings{cheng2008real,
  title={Real-time vision-based infotainment user determination for driver assistance},
  author={Cheng, Shinko Y and Trivedi, Mohan M},
  booktitle={Intelligent Vehicles Symposium, 2008 IEEE},
  pages={1--6},
  year={2008},
  organization={IEEE}
}

% % % % % % % % % % % % % % % % % % % % % % % % % % % % % % % %
% An Effective Crossing Cyclist Detection on a Moving Vehicle 
% 2010 / China
% Tem a formula da normalizacao
% [10] No overlap HOG local features / Mais informação de como calcular o HOG
@inproceedings{li2010effective,
  title={An effective crossing cyclist detection on a moving vehicle},
  author={Li, Tong and Cao, Xianbin and Xu, Yanwu},
  booktitle={Intelligent Control and Automation (WCICA), 2010 8th World Congress on},
  pages={368--372},
  year={2010},
  organization={IEEE}
}

% % % % % % % % % % % % % % % % % % % % % % % % % % % % % % % %
% Hand-gesture recognition: comparative study of global, semi-local and local approaches
% 2011 / França
% A base de dados não é pública.
% [6] Descrição do SIFT.
@inproceedings{collumeau2011hand,
  title={Hand-gesture recognition: comparative study of global, semi-local and local approaches},
  author={Collumeau, J-F and Leconge, R{\'e}my and Emile, Bruno and Laurent, H{\'e}lene},
  booktitle={Image and Signal Processing and Analysis (ISPA), 2011 7th International Symposium on},
  pages={247--252},
  year={2011},
  organization={IEEE}
}


% % % % % % % % % % % % % % % % % % % % % % % % % % % % % % % %
% A vision-based system for automatic hand washing quality assessment
% Estudar o que é "one-against-one multi class SVM"
@article{llorca2011vision,
  title={A vision-based system for automatic hand washing quality assessment},
  author={Llorca, David Fern{\'a}ndez and Parra, Ignacio and Sotelo, Miguel {\'A}ngel and Lacey, Gerard},
  journal={Machine Vision and Applications},
  volume={22},
  number={2},
  pages={219--234},
  year={2011},
  publisher={Springer}
}

% % % % % % % % % % % % % % % % % % % % % % % % % % % % % % % %
% Automatic Ship Recognition Robust Against Aspect Angle Changes and Occlusions
% 2012 / Japão - Laboratório da Toshiba
% [6] Referência sobre coHOG
@inproceedings{kawahara2012automatic,
  title={Automatic ship recognition robust against aspect angle changes and occlusions},
  author={Kawahara, Tomokazu and Toda, Shiyunichi and Mikami, Akio and Tanabe, Masahiro},
  booktitle={Radar Conference (RADAR), 2012 IEEE},
  pages={0864--0869},
  year={2012},
  organization={IEEE}
}

% % % % % % % % % % % % % % % % % % % % % % % % % % % % % % % %
% A ROBUST METHOD OF FINGERTIP DETECTION IN COMPLEX BACKGROUND
% 2012 / China / Nokia
% [12] Verificar metodo de Viola & Jones
% [14] Referência para HOG
@inproceedings{jiang2012robust,
  title={A robust method of fingertip detection in complex background},
  author={Jiang, Xiao-Heng and Li, Jiang-Wei and Wang, Kong-Qiao and Pang, Yan-Wei},
  booktitle={Machine Learning and Cybernetics (ICMLC), 2012 International Conference on},
  volume={4},
  pages={1468--1473},
  year={2012},
  organization={IEEE}
}

% % % % % % % % % % % % % % % % % % % % % % % % % % % % % % % %
% Gesture-based control of in-car devices
% Ainda não consegui baixar
%\bibitem{ref12} Zobl, M., Geiger, M., Morguet, P., Nieschulz, R., Lang, M.: %Gesture-based control of in-car devices. In: VDI-Berichte 1678: USEWARE 2002 %Mensch-Maschine-Kommunikation/Design, GMA %Fachtagung USEWARE 2002, Darmstadt, Germany, %June 11-12, 2002, Dusseldorf, VDI, VDI-Verlag (2002) 305–309

% % % % % % % % % % % % % % % % % % % % % % % % % % % % % % % %
% A usability study on hand gesture controlled operation of in-car devices
% 2001
% Artigo de justificativa (usabilidade)
@article{zobl2001usability,
  title={A usability study on hand gesture controlled operation of in-car devices},
  author={Zobl, Martin and Geiger, Michael and Bengler, Klaus and Lang, Manfred},
  journal={Abridged Proceedings, HCI},
  pages={5--10},
  year={2001}
}

% % % % % % % % % % % % % % % % % % % % % % % % % % % % % % % %
% Intermodal differences in distraction eﬀects while controlling automotive user interfaces
% 2001
% Artigo de justificativa (usabilidade)
@inproceedings{geiger2001intermodal,
  title={Intermodal differences in distraction effects while controlling automotive user interfaces},
  author={Geiger, Michael and Zobl, Martin and Bengler, Klaus and Lang, Manfred},
  booktitle={Proc. HCII},
  pages={263--267},
  year={2001}
}

% % % % % % % % % % % % % % % % % % % % % % % % % % % % % % % %
% Hand Gesture to Control Infotainment Equipment in Cars
% 2014 / Spain
% [1][2] Referência sobre as principais causas de acidentes, mostrando a distração como uma delas
% [3] Hand gesture como uma interface segura
@inproceedings{parada2014hand,
  title={Hand gestures to control infotainment equipment in cars},
  author={Parada-Loira, Francisco and Gonzalez-Agulla, Elisardo and Alba-Castro, Jos{\'e} L},
  booktitle={Intelligent Vehicles Symposium Proceedings, 2014 IEEE},
  pages={1--6},
  year={2014},
  organization={IEEE}
}

% % % % % % % % % % % % % % % % % % % % % % % % % % % % % % % %
% Web sites
% % % % % % % % % % % % % % % % % % % % % % % % % % % % % % % %

% % % % % % % % % % % % % % % % % % % % % % % % % % % % % % % %
% Kinect
% Web site do grupo de desenvolvedores Kinect
@misc{kinect,
  author = {Microsoft},
  title = {Kinect for Windows},
  year = 2014,
  url = {http://www.microsoft.com/en-us/kinectforwindows/develop/},
  note = "[Online; acessado em 13-Agosto-2014]"
}

% % % % % % % % % % % % % % % % % % % % % % % % % % % % % % % %
% Kinect
% Notícia sobre venda do Xbox e Kinect
@misc{kinect_sales,
  author = {Microsoft},
  title = {Microsoft News Center},
  year = 2013,
  url = {http://www.microsoft.com/en-us/news/features/2013/feb13/02-11xbox.aspx},
  note = "[Online; acessado em 13-Agosto-2014]"
}

% % % % % % % % % % % % % % % % % % % % % % % % % % % % % % % %
% Intel Perceptual Computing
@misc{intel,
  author = {Intel},
  title = {Intel Perceptual Computing},
  year = 2014,
  url = {http://software.intel.com/en-us/vcsource/tools/perceptual-computing-sdk},
  note = "[Online; acessado em 13-Agosto-2014]"
}

% % % % % % % % % % % % % % % % % % % % % % % % % % % % % % % %
% Mercedes Benz
% Video no canal youtube sobre o sistema de câmeras
@misc{mercedes_youtube,
  author = {Mercedes-Benz},
  title = {Mercedes-Benz TV: Active Lane Keeping Assist},
  year = 2013,
  url = {https://www.youtube.com/watch?v=OQkdvi55woA},
  note = "[Online; acessado em 13-Agosto-2014]"
}

% % % % % % % % % % % % % % % % % % % % % % % % % % % % % % % %
% Mercedes Benz
% Web site sobre sistema de segurança nos carros
@misc{mercedes_safety,
  author = {Mercedes-Benz},
  title = {Mercedes Safety: Attention Assist, Pre-Safe and Distronic Plus},
  year = 2014,
  url = {http://www.mbusa.com/mercedes/benz/safety},
  note = "[Online; acessado em 13-Agosto-2014]"
}